%YAML 1.1
%TAG !u! tag:unity3d.com,2011:
--- !u!1 &2085260881354899444
GameObject:
  m_ObjectHideFlags: 0
  m_CorrespondingSourceObject: {fileID: 0}
  m_PrefabInstance: {fileID: 0}
  m_PrefabAsset: {fileID: 0}
  serializedVersion: 6
  m_Component:
  - component: {fileID: 5543794077144896247}
  - component: {fileID: 1538899378748834147}
  - component: {fileID: 5010140181316562308}
  - component: {fileID: 1538899378748834145}
  - component: {fileID: 929382892891774389}
  - component: {fileID: 7608302470605130406}
  m_Layer: 9
  m_Name: Player
  m_TagString: Untagged
  m_Icon: {fileID: 0}
  m_NavMeshLayer: 0
  m_StaticEditorFlags: 0
  m_IsActive: 1
--- !u!4 &5543794077144896247
Transform:
  m_ObjectHideFlags: 0
  m_CorrespondingSourceObject: {fileID: 0}
  m_PrefabInstance: {fileID: 0}
  m_PrefabAsset: {fileID: 0}
  m_GameObject: {fileID: 2085260881354899444}
  m_LocalRotation: {x: 0, y: 0, z: 0, w: 1}
  m_LocalPosition: {x: 0, y: 0, z: 0}
  m_LocalScale: {x: 1, y: 1, z: 1}
  m_Children:
  - {fileID: 4510642121197393716}
  - {fileID: 5839493242875949201}
  - {fileID: 2352799297380449737}
  - {fileID: 8232613467281562332}
  - {fileID: 685470528841724920}
  - {fileID: 1900366498440100953}
  - {fileID: 7202776073803314163}
  - {fileID: 5412461622212493391}
  m_Father: {fileID: 0}
  m_RootOrder: 0
  m_LocalEulerAnglesHint: {x: 0, y: 0, z: 0}
--- !u!114 &1538899378748834147
MonoBehaviour:
  m_ObjectHideFlags: 0
  m_CorrespondingSourceObject: {fileID: 0}
  m_PrefabInstance: {fileID: 0}
  m_PrefabAsset: {fileID: 0}
  m_GameObject: {fileID: 2085260881354899444}
  m_Enabled: 1
  m_EditorHideFlags: 0
  m_Script: {fileID: 11500000, guid: e8f1d57f7c8b540c4a8071b0fd3d9d75, type: 3}
  m_Name: 
  m_EditorClassIdentifier: 
  _unitControllerAsset: {fileID: 11400000, guid: 20e900d8d9071461eaa6b0317a07c060,
    type: 2}
  _body: {fileID: 1538899378748834145}
  _unitWeapon1: {fileID: 11400000, guid: dd85dea1724834a90b9821f37a102197, type: 2}
  _unitWeapon2: {fileID: 11400000, guid: bd866a75a394446fa92ce6e8e6f105be, type: 2}
  _input: {fileID: 7608302470605130406}
  _model: {fileID: 5010140181316562308}
  _coinPrefab: {fileID: 7945846755607183868, guid: 29966516ba338457ca13c1969644dd15,
    type: 3}
  receivedDamageEvent:
    m_PersistentCalls:
      m_Calls:
      - m_Target: {fileID: 929382892891774389}
        m_MethodName: Execute
        m_Mode: 2
        m_Arguments:
          m_ObjectArgument: {fileID: 5543794077144896247}
          m_ObjectArgumentAssemblyTypeName: UnityEngine.Transform, UnityEngine
          m_IntArgument: 0
          m_FloatArgument: 0
          m_StringArgument: 
          m_BoolArgument: 0
        m_CallState: 2
    m_TypeName: UnityEngine.Events.UnityEvent, UnityEngine.CoreModule, Version=0.0.0.0,
      Culture=neutral, PublicKeyToken=null
  dashing: 0
  dashDurationCounter: 0
  startDashEvent:
    m_PersistentCalls:
      m_Calls:
      - m_Target: {fileID: 1236096246512267236}
        m_MethodName: Execute
        m_Mode: 6
        m_Arguments:
          m_ObjectArgument: {fileID: 0}
          m_ObjectArgumentAssemblyTypeName: UnityEngine.Object, UnityEngine
          m_IntArgument: 0
          m_FloatArgument: 0
          m_StringArgument: 
          m_BoolArgument: 1
        m_CallState: 2
      - m_Target: {fileID: 3418412973257838669}
        m_MethodName: Play
        m_Mode: 1
        m_Arguments:
          m_ObjectArgument: {fileID: 0}
          m_ObjectArgumentAssemblyTypeName: UnityEngine.Object, UnityEngine
          m_IntArgument: 0
          m_FloatArgument: 0
          m_StringArgument: 
          m_BoolArgument: 1
        m_CallState: 2
    m_TypeName: UnityEngine.Events.UnityEvent, UnityEngine.CoreModule, Version=0.0.0.0,
      Culture=neutral, PublicKeyToken=null
  endDashEvent:
    m_PersistentCalls:
      m_Calls:
      - m_Target: {fileID: 1236096246512267236}
        m_MethodName: Execute
        m_Mode: 6
        m_Arguments:
          m_ObjectArgument: {fileID: 0}
          m_ObjectArgumentAssemblyTypeName: UnityEngine.Object, UnityEngine
          m_IntArgument: 0
          m_FloatArgument: 0
          m_StringArgument: 
          m_BoolArgument: 0
        m_CallState: 2
    m_TypeName: UnityEngine.Events.UnityEvent, UnityEngine.CoreModule, Version=0.0.0.0,
      Culture=neutral, PublicKeyToken=null
  deathEvent:
    m_PersistentCalls:
      m_Calls:
      - m_Target: {fileID: 3955951262556321509}
        m_MethodName: Execute
        m_Mode: 2
        m_Arguments:
          m_ObjectArgument: {fileID: 5543794077144896247}
          m_ObjectArgumentAssemblyTypeName: UnityEngine.Transform, UnityEngine
          m_IntArgument: 0
          m_FloatArgument: 0
          m_StringArgument: 
          m_BoolArgument: 0
        m_CallState: 2
    m_TypeName: UnityEngine.Events.UnityEvent, UnityEngine.CoreModule, Version=0.0.0.0,
      Culture=neutral, PublicKeyToken=null
  pickupEvent:
    m_PersistentCalls:
      m_Calls:
      - m_Target: {fileID: 7445120724413522490}
        m_MethodName: Play
        m_Mode: 1
        m_Arguments:
          m_ObjectArgument: {fileID: 0}
          m_ObjectArgumentAssemblyTypeName: UnityEngine.Object, UnityEngine
          m_IntArgument: 0
          m_FloatArgument: 0
          m_StringArgument: 
          m_BoolArgument: 0
        m_CallState: 2
    m_TypeName: UnityEngine.Events.UnityEvent, UnityEngine.CoreModule, Version=0.0.0.0,
      Culture=neutral, PublicKeyToken=null
  fireEvent:
    m_PersistentCalls:
      m_Calls:
      - m_Target: {fileID: 9039275585962260307}
        m_MethodName: Play
        m_Mode: 1
        m_Arguments:
          m_ObjectArgument: {fileID: 0}
          m_ObjectArgumentAssemblyTypeName: UnityEngine.Object, UnityEngine
          m_IntArgument: 0
          m_FloatArgument: 0
          m_StringArgument: 
          m_BoolArgument: 0
        m_CallState: 2
    m_TypeName: UnityEngine.Events.UnityEvent, UnityEngine.CoreModule, Version=0.0.0.0,
      Culture=neutral, PublicKeyToken=null
--- !u!114 &5010140181316562308
MonoBehaviour:
  m_ObjectHideFlags: 0
  m_CorrespondingSourceObject: {fileID: 0}
  m_PrefabInstance: {fileID: 0}
  m_PrefabAsset: {fileID: 0}
  m_GameObject: {fileID: 2085260881354899444}
  m_Enabled: 1
  m_EditorHideFlags: 0
  m_Script: {fileID: 11500000, guid: a29eb3ee3ec604aa183e6caa0911c425, type: 3}
  m_Name: 
  m_EditorClassIdentifier: 
  _animator: {fileID: 2907073451153794483}
  _body: {fileID: 1538899378748834145}
  _runParameter: Running
  _deadParameter: Dead
  _minVelocityToAnimate: 0.001
  _attackAttachPoint: {fileID: 6493508313121595689}
  _spawnCoinsAttachPoint: {fileID: 2625288204418700066}
  _modelTransform: {fileID: 5839493242875949201}
  _selector: {fileID: 8179433634266969190}
--- !u!54 &1538899378748834145
Rigidbody:
  m_ObjectHideFlags: 0
  m_CorrespondingSourceObject: {fileID: 0}
  m_PrefabInstance: {fileID: 0}
  m_PrefabAsset: {fileID: 0}
  m_GameObject: {fileID: 2085260881354899444}
  serializedVersion: 2
  m_Mass: 1
  m_Drag: 0
  m_AngularDrag: 0
  m_UseGravity: 1
  m_IsKinematic: 0
  m_Interpolate: 0
  m_Constraints: 116
  m_CollisionDetection: 1
--- !u!114 &929382892891774389
MonoBehaviour:
  m_ObjectHideFlags: 0
  m_CorrespondingSourceObject: {fileID: 0}
  m_PrefabInstance: {fileID: 0}
  m_PrefabAsset: {fileID: 0}
  m_GameObject: {fileID: 2085260881354899444}
  m_Enabled: 1
  m_EditorHideFlags: 0
  m_Script: {fileID: 11500000, guid: d6c0a5ba06074062864d7ac9c337dd81, type: 3}
  m_Name: 
  m_EditorClassIdentifier: 
  go: {fileID: 1341602596266221032, guid: 6ef114ae7f1bf4cd2a96bbdaf0450c58, type: 3}
  forceUp: 1
--- !u!114 &7608302470605130406
MonoBehaviour:
  m_ObjectHideFlags: 0
  m_CorrespondingSourceObject: {fileID: 0}
  m_PrefabInstance: {fileID: 0}
  m_PrefabAsset: {fileID: 0}
  m_GameObject: {fileID: 2085260881354899444}
  m_Enabled: 1
  m_EditorHideFlags: 0
  m_Script: {fileID: 11500000, guid: a92ec082df44404db7be6702a7d06d22, type: 3}
  m_Name: 
  m_EditorClassIdentifier: 
  inputMaster: {fileID: 11400000, guid: 74688da73e136b24e8da497a5c748d78, type: 2}
--- !u!1 &2323211051306179628
GameObject:
  m_ObjectHideFlags: 0
  m_CorrespondingSourceObject: {fileID: 0}
  m_PrefabInstance: {fileID: 0}
  m_PrefabAsset: {fileID: 0}
  serializedVersion: 6
  m_Component:
  - component: {fileID: 2625288204418700066}
  m_Layer: 9
  m_Name: SpawnCoinsPosition
  m_TagString: Untagged
  m_Icon: {fileID: 0}
  m_NavMeshLayer: 0
  m_StaticEditorFlags: 0
  m_IsActive: 1
--- !u!4 &2625288204418700066
Transform:
  m_ObjectHideFlags: 0
  m_CorrespondingSourceObject: {fileID: 0}
  m_PrefabInstance: {fileID: 0}
  m_PrefabAsset: {fileID: 0}
  m_GameObject: {fileID: 2323211051306179628}
  m_LocalRotation: {x: 0, y: 0, z: 0, w: 1}
  m_LocalPosition: {x: 0, y: 1.06, z: 0}
  m_LocalScale: {x: 1, y: 1, z: 1}
  m_Children: []
  m_Father: {fileID: 5839493242875949201}
  m_RootOrder: 2
  m_LocalEulerAnglesHint: {x: 0, y: 0, z: 0}
--- !u!1 &2822380096156633858
GameObject:
  m_ObjectHideFlags: 0
  m_CorrespondingSourceObject: {fileID: 0}
  m_PrefabInstance: {fileID: 0}
  m_PrefabAsset: {fileID: 0}
  serializedVersion: 6
  m_Component:
  - component: {fileID: 1900366498440100953}
  - component: {fileID: 7445120724413522490}
  m_Layer: 9
  m_Name: PickupSound
  m_TagString: Untagged
  m_Icon: {fileID: 0}
  m_NavMeshLayer: 0
  m_StaticEditorFlags: 0
  m_IsActive: 1
--- !u!4 &1900366498440100953
Transform:
  m_ObjectHideFlags: 0
  m_CorrespondingSourceObject: {fileID: 0}
  m_PrefabInstance: {fileID: 0}
  m_PrefabAsset: {fileID: 0}
  m_GameObject: {fileID: 2822380096156633858}
  m_LocalRotation: {x: 0, y: 0, z: 0, w: 1}
  m_LocalPosition: {x: 0, y: 0, z: 0}
  m_LocalScale: {x: 1, y: 1, z: 1}
  m_Children: []
  m_Father: {fileID: 5543794077144896247}
  m_RootOrder: 5
  m_LocalEulerAnglesHint: {x: 0, y: 0, z: 0}
--- !u!82 &7445120724413522490
AudioSource:
  m_ObjectHideFlags: 0
  m_CorrespondingSourceObject: {fileID: 0}
  m_PrefabInstance: {fileID: 0}
  m_PrefabAsset: {fileID: 0}
  m_GameObject: {fileID: 2822380096156633858}
  m_Enabled: 1
  serializedVersion: 4
  OutputAudioMixerGroup: {fileID: 4590475972190941341, guid: 8b22f5bb1aba34e649a8c02d45e8bd25,
    type: 2}
  m_audioClip: {fileID: 8300000, guid: 7be3f88a734cf2244b9e10a7a146ad94, type: 3}
  m_PlayOnAwake: 0
  m_Volume: 1
  m_Pitch: 1
  Loop: 0
  Mute: 0
  Spatialize: 0
  SpatializePostEffects: 0
  Priority: 128
  DopplerLevel: 1
  MinDistance: 1
  MaxDistance: 500
  Pan2D: 0
  rolloffMode: 0
  BypassEffects: 0
  BypassListenerEffects: 0
  BypassReverbZones: 0
  rolloffCustomCurve:
    serializedVersion: 2
    m_Curve:
    - serializedVersion: 3
      time: 0
      value: 1
      inSlope: 0
      outSlope: 0
      tangentMode: 0
      weightedMode: 0
      inWeight: 0.33333334
      outWeight: 0.33333334
    - serializedVersion: 3
      time: 1
      value: 0
      inSlope: 0
      outSlope: 0
      tangentMode: 0
      weightedMode: 0
      inWeight: 0.33333334
      outWeight: 0.33333334
    m_PreInfinity: 2
    m_PostInfinity: 2
    m_RotationOrder: 4
  panLevelCustomCurve:
    serializedVersion: 2
    m_Curve:
    - serializedVersion: 3
      time: 0
      value: 0
      inSlope: 0
      outSlope: 0
      tangentMode: 0
      weightedMode: 0
      inWeight: 0.33333334
      outWeight: 0.33333334
    m_PreInfinity: 2
    m_PostInfinity: 2
    m_RotationOrder: 4
  spreadCustomCurve:
    serializedVersion: 2
    m_Curve:
    - serializedVersion: 3
      time: 0
      value: 0
      inSlope: 0
      outSlope: 0
      tangentMode: 0
      weightedMode: 0
      inWeight: 0.33333334
      outWeight: 0.33333334
    m_PreInfinity: 2
    m_PostInfinity: 2
    m_RotationOrder: 4
  reverbZoneMixCustomCurve:
    serializedVersion: 2
    m_Curve:
    - serializedVersion: 3
      time: 0
      value: 1
      inSlope: 0
      outSlope: 0
      tangentMode: 0
      weightedMode: 0
      inWeight: 0.33333334
      outWeight: 0.33333334
    m_PreInfinity: 2
    m_PostInfinity: 2
    m_RotationOrder: 4
--- !u!1 &2928719472056761021
GameObject:
  m_ObjectHideFlags: 0
  m_CorrespondingSourceObject: {fileID: 0}
  m_PrefabInstance: {fileID: 0}
  m_PrefabAsset: {fileID: 0}
  serializedVersion: 6
  m_Component:
  - component: {fileID: 5412461622212493391}
  - component: {fileID: 3418412973257838669}
  m_Layer: 9
  m_Name: DashSound
  m_TagString: Untagged
  m_Icon: {fileID: 0}
  m_NavMeshLayer: 0
  m_StaticEditorFlags: 0
  m_IsActive: 1
--- !u!4 &5412461622212493391
Transform:
  m_ObjectHideFlags: 0
  m_CorrespondingSourceObject: {fileID: 0}
  m_PrefabInstance: {fileID: 0}
  m_PrefabAsset: {fileID: 0}
  m_GameObject: {fileID: 2928719472056761021}
  m_LocalRotation: {x: 0, y: 0, z: 0, w: 1}
  m_LocalPosition: {x: 0, y: 0, z: 0}
  m_LocalScale: {x: 1, y: 1, z: 1}
  m_Children: []
  m_Father: {fileID: 5543794077144896247}
  m_RootOrder: 7
  m_LocalEulerAnglesHint: {x: 0, y: 0, z: 0}
--- !u!82 &3418412973257838669
AudioSource:
  m_ObjectHideFlags: 0
  m_CorrespondingSourceObject: {fileID: 0}
  m_PrefabInstance: {fileID: 0}
  m_PrefabAsset: {fileID: 0}
  m_GameObject: {fileID: 2928719472056761021}
  m_Enabled: 1
  serializedVersion: 4
  OutputAudioMixerGroup: {fileID: 4590475972190941341, guid: 8b22f5bb1aba34e649a8c02d45e8bd25,
    type: 2}
  m_audioClip: {fileID: 8300000, guid: d0eca79c48e3f8746bbfe23870c7be85, type: 3}
  m_PlayOnAwake: 0
  m_Volume: 1
  m_Pitch: 1
  Loop: 0
  Mute: 0
  Spatialize: 0
  SpatializePostEffects: 0
  Priority: 128
  DopplerLevel: 1
  MinDistance: 1
  MaxDistance: 500
  Pan2D: 0
  rolloffMode: 0
  BypassEffects: 0
  BypassListenerEffects: 0
  BypassReverbZones: 0
  rolloffCustomCurve:
    serializedVersion: 2
    m_Curve:
    - serializedVersion: 3
      time: 0
      value: 1
      inSlope: 0
      outSlope: 0
      tangentMode: 0
      weightedMode: 0
      inWeight: 0.33333334
      outWeight: 0.33333334
    - serializedVersion: 3
      time: 1
      value: 0
      inSlope: 0
      outSlope: 0
      tangentMode: 0
      weightedMode: 0
      inWeight: 0.33333334
      outWeight: 0.33333334
    m_PreInfinity: 2
    m_PostInfinity: 2
    m_RotationOrder: 4
  panLevelCustomCurve:
    serializedVersion: 2
    m_Curve:
    - serializedVersion: 3
      time: 0
      value: 0
      inSlope: 0
      outSlope: 0
      tangentMode: 0
      weightedMode: 0
      inWeight: 0.33333334
      outWeight: 0.33333334
    m_PreInfinity: 2
    m_PostInfinity: 2
    m_RotationOrder: 4
  spreadCustomCurve:
    serializedVersion: 2
    m_Curve:
    - serializedVersion: 3
      time: 0
      value: 0
      inSlope: 0
      outSlope: 0
      tangentMode: 0
      weightedMode: 0
      inWeight: 0.33333334
      outWeight: 0.33333334
    m_PreInfinity: 2
    m_PostInfinity: 2
    m_RotationOrder: 4
  reverbZoneMixCustomCurve:
    serializedVersion: 2
    m_Curve:
    - serializedVersion: 3
      time: 0
      value: 1
      inSlope: 0
      outSlope: 0
      tangentMode: 0
      weightedMode: 0
      inWeight: 0.33333334
      outWeight: 0.33333334
    m_PreInfinity: 2
    m_PostInfinity: 2
    m_RotationOrder: 4
--- !u!114 &1236096246512267236
MonoBehaviour:
  m_ObjectHideFlags: 0
  m_CorrespondingSourceObject: {fileID: 0}
  m_PrefabInstance: {fileID: 0}
  m_PrefabAsset: {fileID: 0}
  m_GameObject: {fileID: 3589985415931413316}
  m_Enabled: 1
  m_EditorHideFlags: 0
  m_Script: {fileID: 11500000, guid: cd6ede9b15104f968af400b635c9bffb, type: 3}
  m_Name: 
  m_EditorClassIdentifier: 
  _particleSystem: {fileID: 3828280978091501863}
  withChildren: 1
--- !u!1 &5255748620234990540
GameObject:
  m_ObjectHideFlags: 0
  m_CorrespondingSourceObject: {fileID: 0}
  m_PrefabInstance: {fileID: 0}
  m_PrefabAsset: {fileID: 0}
  serializedVersion: 6
  m_Component:
  - component: {fileID: 4510642121197393716}
  - component: {fileID: 5431827993189875268}
  m_Layer: 9
  m_Name: Collider
  m_TagString: Untagged
  m_Icon: {fileID: 0}
  m_NavMeshLayer: 0
  m_StaticEditorFlags: 0
  m_IsActive: 1
--- !u!4 &4510642121197393716
Transform:
  m_ObjectHideFlags: 0
  m_CorrespondingSourceObject: {fileID: 0}
  m_PrefabInstance: {fileID: 0}
  m_PrefabAsset: {fileID: 0}
  m_GameObject: {fileID: 5255748620234990540}
  m_LocalRotation: {x: -0, y: -0, z: -0, w: 1}
  m_LocalPosition: {x: 0, y: 0.5, z: 0}
  m_LocalScale: {x: 1, y: 1, z: 1}
  m_Children: []
  m_Father: {fileID: 5543794077144896247}
  m_RootOrder: 0
  m_LocalEulerAnglesHint: {x: 0, y: 0, z: 0}
--- !u!135 &5431827993189875268
SphereCollider:
  m_ObjectHideFlags: 0
  m_CorrespondingSourceObject: {fileID: 0}
  m_PrefabInstance: {fileID: 0}
  m_PrefabAsset: {fileID: 0}
  m_GameObject: {fileID: 5255748620234990540}
  m_Material: {fileID: 13400000, guid: 071f008e11ef2433397e54be3397ac4c, type: 2}
  m_IsTrigger: 0
  m_Enabled: 1
  serializedVersion: 2
  m_Radius: 0.5
  m_Center: {x: 0, y: 0, z: 0}
--- !u!1 &5790232433577675316
GameObject:
  m_ObjectHideFlags: 0
  m_CorrespondingSourceObject: {fileID: 0}
  m_PrefabInstance: {fileID: 0}
  m_PrefabAsset: {fileID: 0}
  serializedVersion: 6
  m_Component:
  - component: {fileID: 7202776073803314163}
  - component: {fileID: 9039275585962260307}
  m_Layer: 9
  m_Name: FireSound
  m_TagString: Untagged
  m_Icon: {fileID: 0}
  m_NavMeshLayer: 0
  m_StaticEditorFlags: 0
  m_IsActive: 1
--- !u!4 &7202776073803314163
Transform:
  m_ObjectHideFlags: 0
  m_CorrespondingSourceObject: {fileID: 0}
  m_PrefabInstance: {fileID: 0}
  m_PrefabAsset: {fileID: 0}
  m_GameObject: {fileID: 5790232433577675316}
  m_LocalRotation: {x: 0, y: 0, z: 0, w: 1}
  m_LocalPosition: {x: 0, y: 0, z: 0}
  m_LocalScale: {x: 1, y: 1, z: 1}
  m_Children: []
  m_Father: {fileID: 5543794077144896247}
  m_RootOrder: 6
  m_LocalEulerAnglesHint: {x: 0, y: 0, z: 0}
--- !u!82 &9039275585962260307
AudioSource:
  m_ObjectHideFlags: 0
  m_CorrespondingSourceObject: {fileID: 0}
  m_PrefabInstance: {fileID: 0}
  m_PrefabAsset: {fileID: 0}
  m_GameObject: {fileID: 5790232433577675316}
  m_Enabled: 1
  serializedVersion: 4
  OutputAudioMixerGroup: {fileID: 4590475972190941341, guid: 8b22f5bb1aba34e649a8c02d45e8bd25,
    type: 2}
  m_audioClip: {fileID: 8300000, guid: e1f836c7ed01a144fa9e9ff1d45c1aae, type: 3}
  m_PlayOnAwake: 1
  m_Volume: 1
  m_Pitch: 1
  Loop: 0
  Mute: 0
  Spatialize: 0
  SpatializePostEffects: 0
  Priority: 128
  DopplerLevel: 1
  MinDistance: 1
  MaxDistance: 500
  Pan2D: 0
  rolloffMode: 0
  BypassEffects: 0
  BypassListenerEffects: 0
  BypassReverbZones: 0
  rolloffCustomCurve:
    serializedVersion: 2
    m_Curve:
    - serializedVersion: 3
      time: 0
      value: 1
      inSlope: 0
      outSlope: 0
      tangentMode: 0
      weightedMode: 0
      inWeight: 0.33333334
      outWeight: 0.33333334
    - serializedVersion: 3
      time: 1
      value: 0
      inSlope: 0
      outSlope: 0
      tangentMode: 0
      weightedMode: 0
      inWeight: 0.33333334
      outWeight: 0.33333334
    m_PreInfinity: 2
    m_PostInfinity: 2
    m_RotationOrder: 4
  panLevelCustomCurve:
    serializedVersion: 2
    m_Curve:
    - serializedVersion: 3
      time: 0
      value: 0
      inSlope: 0
      outSlope: 0
      tangentMode: 0
      weightedMode: 0
      inWeight: 0.33333334
      outWeight: 0.33333334
    m_PreInfinity: 2
    m_PostInfinity: 2
    m_RotationOrder: 4
  spreadCustomCurve:
    serializedVersion: 2
    m_Curve:
    - serializedVersion: 3
      time: 0
      value: 0
      inSlope: 0
      outSlope: 0
      tangentMode: 0
      weightedMode: 0
      inWeight: 0.33333334
      outWeight: 0.33333334
    m_PreInfinity: 2
    m_PostInfinity: 2
    m_RotationOrder: 4
  reverbZoneMixCustomCurve:
    serializedVersion: 2
    m_Curve:
    - serializedVersion: 3
      time: 0
      value: 1
      inSlope: 0
      outSlope: 0
      tangentMode: 0
      weightedMode: 0
      inWeight: 0.33333334
      outWeight: 0.33333334
    m_PreInfinity: 2
    m_PostInfinity: 2
    m_RotationOrder: 4
--- !u!1 &5951617526994250624
GameObject:
  m_ObjectHideFlags: 0
  m_CorrespondingSourceObject: {fileID: 0}
  m_PrefabInstance: {fileID: 0}
  m_PrefabAsset: {fileID: 0}
  serializedVersion: 6
  m_Component:
  - component: {fileID: 5839493242875949201}
  m_Layer: 9
  m_Name: Model
  m_TagString: Untagged
  m_Icon: {fileID: 0}
  m_NavMeshLayer: 0
  m_StaticEditorFlags: 0
  m_IsActive: 1
--- !u!4 &5839493242875949201
Transform:
  m_ObjectHideFlags: 0
  m_CorrespondingSourceObject: {fileID: 0}
  m_PrefabInstance: {fileID: 0}
  m_PrefabAsset: {fileID: 0}
  m_GameObject: {fileID: 5951617526994250624}
  m_LocalRotation: {x: 0, y: 0, z: 0, w: 1}
  m_LocalPosition: {x: 0, y: 0, z: 0}
  m_LocalScale: {x: 1, y: 1, z: 1}
  m_Children:
  - {fileID: 3933281772408255259}
  - {fileID: 1538734354879172112}
  - {fileID: 2625288204418700066}
  m_Father: {fileID: 5543794077144896247}
  m_RootOrder: 1
  m_LocalEulerAnglesHint: {x: 0, y: 0, z: 0}
--- !u!1 &8179433634266969190
GameObject:
  m_ObjectHideFlags: 0
  m_CorrespondingSourceObject: {fileID: 0}
  m_PrefabInstance: {fileID: 0}
  m_PrefabAsset: {fileID: 0}
  serializedVersion: 6
  m_Component:
  - component: {fileID: 1538734354879172112}
  - component: {fileID: 3050342752996512250}
  m_Layer: 9
  m_Name: Selector
  m_TagString: Untagged
  m_Icon: {fileID: 0}
  m_NavMeshLayer: 0
  m_StaticEditorFlags: 0
  m_IsActive: 1
--- !u!4 &1538734354879172112
Transform:
  m_ObjectHideFlags: 0
  m_CorrespondingSourceObject: {fileID: 0}
  m_PrefabInstance: {fileID: 0}
  m_PrefabAsset: {fileID: 0}
  m_GameObject: {fileID: 8179433634266969190}
  m_LocalRotation: {x: 0, y: 0.7071068, z: -0.7071068, w: 0}
  m_LocalPosition: {x: 0, y: 0.05, z: 0}
  m_LocalScale: {x: 0.8, y: 0.8, z: 2}
  m_Children: []
  m_Father: {fileID: 5839493242875949201}
  m_RootOrder: 1
  m_LocalEulerAnglesHint: {x: 90, y: 180, z: 0}
--- !u!212 &3050342752996512250
SpriteRenderer:
  m_ObjectHideFlags: 0
  m_CorrespondingSourceObject: {fileID: 0}
  m_PrefabInstance: {fileID: 0}
  m_PrefabAsset: {fileID: 0}
  m_GameObject: {fileID: 8179433634266969190}
  m_Enabled: 1
  m_CastShadows: 0
  m_ReceiveShadows: 0
  m_DynamicOccludee: 1
  m_MotionVectors: 1
  m_LightProbeUsage: 1
  m_ReflectionProbeUsage: 1
  m_RenderingLayerMask: 1
  m_RendererPriority: 0
  m_Materials:
  - {fileID: 10754, guid: 0000000000000000f000000000000000, type: 0}
  m_StaticBatchInfo:
    firstSubMesh: 0
    subMeshCount: 0
  m_StaticBatchRoot: {fileID: 0}
  m_ProbeAnchor: {fileID: 0}
  m_LightProbeVolumeOverride: {fileID: 0}
  m_ScaleInLightmap: 1
  m_PreserveUVs: 0
  m_IgnoreNormalsForChartDetection: 0
  m_ImportantGI: 0
  m_StitchLightmapSeams: 1
  m_SelectedEditorRenderState: 0
  m_MinimumChartSize: 4
  m_AutoUVMaxDistance: 0.5
  m_AutoUVMaxAngle: 89
  m_LightmapParameters: {fileID: 0}
  m_SortingLayerID: 0
  m_SortingLayer: 0
  m_SortingOrder: 0
  m_Sprite: {fileID: 21300000, guid: 68b3a26813f5bea47ad5eb157c5c4991, type: 3}
  m_Color: {r: 1, g: 1, b: 1, a: 1}
  m_FlipX: 0
  m_FlipY: 0
  m_DrawMode: 0
  m_Size: {x: 1, y: 1}
  m_AdaptiveModeThreshold: 0.5
  m_SpriteTileMode: 0
  m_WasSpriteAssigned: 1
  m_MaskInteraction: 0
  m_SpriteSortPoint: 0
--- !u!1 &8953751747574371485
GameObject:
  m_ObjectHideFlags: 0
  m_CorrespondingSourceObject: {fileID: 0}
  m_PrefabInstance: {fileID: 0}
  m_PrefabAsset: {fileID: 0}
  serializedVersion: 6
  m_Component:
  - component: {fileID: 685470528841724920}
  - component: {fileID: 3955951262556321509}
  m_Layer: 0
  m_Name: DeathSpawnParticle
  m_TagString: Untagged
  m_Icon: {fileID: 0}
  m_NavMeshLayer: 0
  m_StaticEditorFlags: 0
  m_IsActive: 1
--- !u!4 &685470528841724920
Transform:
  m_ObjectHideFlags: 0
  m_CorrespondingSourceObject: {fileID: 0}
  m_PrefabInstance: {fileID: 0}
  m_PrefabAsset: {fileID: 0}
  m_GameObject: {fileID: 8953751747574371485}
  m_LocalRotation: {x: -0, y: -0, z: -0, w: 1}
  m_LocalPosition: {x: 0, y: 0.5, z: 0}
  m_LocalScale: {x: 1, y: 1, z: 1}
  m_Children: []
  m_Father: {fileID: 5543794077144896247}
  m_RootOrder: 4
  m_LocalEulerAnglesHint: {x: 0, y: 0, z: 0}
--- !u!114 &3955951262556321509
MonoBehaviour:
  m_ObjectHideFlags: 0
  m_CorrespondingSourceObject: {fileID: 0}
  m_PrefabInstance: {fileID: 0}
  m_PrefabAsset: {fileID: 0}
  m_GameObject: {fileID: 8953751747574371485}
  m_Enabled: 1
  m_EditorHideFlags: 0
  m_Script: {fileID: 11500000, guid: d6c0a5ba06074062864d7ac9c337dd81, type: 3}
  m_Name: 
  m_EditorClassIdentifier: 
  go: {fileID: 1341602596266221032, guid: 03df6e36bed79784cae01d68524dd3fc, type: 3}
  forceUp: 1
--- !u!1001 &666915982977829315
PrefabInstance:
  m_ObjectHideFlags: 0
  serializedVersion: 2
  m_Modification:
    m_TransformParent: {fileID: 5839493242875949201}
    m_Modifications:
    - target: {fileID: 3586197340298922177, guid: 2d7a7a7c2b8fff0409c31ca025e48d52,
        type: 3}
      propertyPath: m_Name
      value: Player01_Cerdito
      objectReference: {fileID: 0}
    - target: {fileID: 4599457676001622744, guid: 2d7a7a7c2b8fff0409c31ca025e48d52,
        type: 3}
      propertyPath: m_LocalPosition.x
      value: 0
      objectReference: {fileID: 0}
    - target: {fileID: 4599457676001622744, guid: 2d7a7a7c2b8fff0409c31ca025e48d52,
        type: 3}
      propertyPath: m_LocalPosition.y
      value: 0
      objectReference: {fileID: 0}
    - target: {fileID: 4599457676001622744, guid: 2d7a7a7c2b8fff0409c31ca025e48d52,
        type: 3}
      propertyPath: m_LocalPosition.z
      value: 0
      objectReference: {fileID: 0}
    - target: {fileID: 4599457676001622744, guid: 2d7a7a7c2b8fff0409c31ca025e48d52,
        type: 3}
      propertyPath: m_LocalRotation.x
      value: 0
      objectReference: {fileID: 0}
    - target: {fileID: 4599457676001622744, guid: 2d7a7a7c2b8fff0409c31ca025e48d52,
        type: 3}
      propertyPath: m_LocalRotation.y
      value: 0
      objectReference: {fileID: 0}
    - target: {fileID: 4599457676001622744, guid: 2d7a7a7c2b8fff0409c31ca025e48d52,
        type: 3}
      propertyPath: m_LocalRotation.z
      value: 0
      objectReference: {fileID: 0}
    - target: {fileID: 4599457676001622744, guid: 2d7a7a7c2b8fff0409c31ca025e48d52,
        type: 3}
      propertyPath: m_LocalRotation.w
      value: 1
      objectReference: {fileID: 0}
    - target: {fileID: 4599457676001622744, guid: 2d7a7a7c2b8fff0409c31ca025e48d52,
        type: 3}
      propertyPath: m_RootOrder
      value: 0
      objectReference: {fileID: 0}
    - target: {fileID: 4599457676001622744, guid: 2d7a7a7c2b8fff0409c31ca025e48d52,
        type: 3}
      propertyPath: m_LocalEulerAnglesHint.x
      value: 0
      objectReference: {fileID: 0}
    - target: {fileID: 4599457676001622744, guid: 2d7a7a7c2b8fff0409c31ca025e48d52,
        type: 3}
      propertyPath: m_LocalEulerAnglesHint.y
      value: 0
      objectReference: {fileID: 0}
    - target: {fileID: 4599457676001622744, guid: 2d7a7a7c2b8fff0409c31ca025e48d52,
        type: 3}
      propertyPath: m_LocalEulerAnglesHint.z
      value: 0
      objectReference: {fileID: 0}
    m_RemovedComponents: []
  m_SourcePrefab: {fileID: 100100000, guid: 2d7a7a7c2b8fff0409c31ca025e48d52, type: 3}
--- !u!4 &6493508313121595689 stripped
Transform:
  m_CorrespondingSourceObject: {fileID: 6006904587771193578, guid: 2d7a7a7c2b8fff0409c31ca025e48d52,
    type: 3}
  m_PrefabInstance: {fileID: 666915982977829315}
  m_PrefabAsset: {fileID: 0}
--- !u!95 &2907073451153794483 stripped
Animator:
  m_CorrespondingSourceObject: {fileID: 2384272734098107504, guid: 2d7a7a7c2b8fff0409c31ca025e48d52,
    type: 3}
  m_PrefabInstance: {fileID: 666915982977829315}
  m_PrefabAsset: {fileID: 0}
--- !u!4 &3933281772408255259 stripped
Transform:
  m_CorrespondingSourceObject: {fileID: 4599457676001622744, guid: 2d7a7a7c2b8fff0409c31ca025e48d52,
    type: 3}
  m_PrefabInstance: {fileID: 666915982977829315}
  m_PrefabAsset: {fileID: 0}
--- !u!1001 &941791770230213048
PrefabInstance:
  m_ObjectHideFlags: 0
  serializedVersion: 2
  m_Modification:
    m_TransformParent: {fileID: 5543794077144896247}
    m_Modifications:
    - target: {fileID: 6127893617845434669, guid: d155ba9c741428a4dbe437e4fa6f1e19,
        type: 3}
      propertyPath: m_Name
      value: RunDust_VFX
      objectReference: {fileID: 0}
    - target: {fileID: 9174383246998197092, guid: d155ba9c741428a4dbe437e4fa6f1e19,
        type: 3}
      propertyPath: m_LocalPosition.x
      value: 0
      objectReference: {fileID: 0}
    - target: {fileID: 9174383246998197092, guid: d155ba9c741428a4dbe437e4fa6f1e19,
        type: 3}
      propertyPath: m_LocalPosition.y
      value: 0.26
      objectReference: {fileID: 0}
    - target: {fileID: 9174383246998197092, guid: d155ba9c741428a4dbe437e4fa6f1e19,
        type: 3}
      propertyPath: m_LocalPosition.z
      value: 0
      objectReference: {fileID: 0}
    - target: {fileID: 9174383246998197092, guid: d155ba9c741428a4dbe437e4fa6f1e19,
        type: 3}
      propertyPath: m_LocalRotation.x
      value: 0
      objectReference: {fileID: 0}
    - target: {fileID: 9174383246998197092, guid: d155ba9c741428a4dbe437e4fa6f1e19,
        type: 3}
      propertyPath: m_LocalRotation.y
      value: 0
      objectReference: {fileID: 0}
    - target: {fileID: 9174383246998197092, guid: d155ba9c741428a4dbe437e4fa6f1e19,
        type: 3}
      propertyPath: m_LocalRotation.z
      value: 0
      objectReference: {fileID: 0}
    - target: {fileID: 9174383246998197092, guid: d155ba9c741428a4dbe437e4fa6f1e19,
        type: 3}
      propertyPath: m_LocalRotation.w
      value: 1
      objectReference: {fileID: 0}
    - target: {fileID: 9174383246998197092, guid: d155ba9c741428a4dbe437e4fa6f1e19,
        type: 3}
      propertyPath: m_RootOrder
      value: 3
      objectReference: {fileID: 0}
    - target: {fileID: 9174383246998197092, guid: d155ba9c741428a4dbe437e4fa6f1e19,
        type: 3}
      propertyPath: m_LocalEulerAnglesHint.x
      value: 0
      objectReference: {fileID: 0}
    - target: {fileID: 9174383246998197092, guid: d155ba9c741428a4dbe437e4fa6f1e19,
        type: 3}
      propertyPath: m_LocalEulerAnglesHint.y
      value: 0
      objectReference: {fileID: 0}
    - target: {fileID: 9174383246998197092, guid: d155ba9c741428a4dbe437e4fa6f1e19,
        type: 3}
      propertyPath: m_LocalEulerAnglesHint.z
      value: 0
      objectReference: {fileID: 0}
    m_RemovedComponents: []
  m_SourcePrefab: {fileID: 100100000, guid: d155ba9c741428a4dbe437e4fa6f1e19, type: 3}
--- !u!4 &8232613467281562332 stripped
Transform:
  m_CorrespondingSourceObject: {fileID: 9174383246998197092, guid: d155ba9c741428a4dbe437e4fa6f1e19,
    type: 3}
  m_PrefabInstance: {fileID: 941791770230213048}
  m_PrefabAsset: {fileID: 0}
--- !u!1001 &1953836282276531438
PrefabInstance:
  m_ObjectHideFlags: 0
  serializedVersion: 2
  m_Modification:
    m_TransformParent: {fileID: 5543794077144896247}
    m_Modifications:
    - target: {fileID: 3084784360414515114, guid: b079f9525856242f98605a2f4dda9690,
        type: 3}
      propertyPath: m_Name
      value: PoopParticles
      objectReference: {fileID: 0}
    - target: {fileID: 4304238111731921191, guid: b079f9525856242f98605a2f4dda9690,
        type: 3}
      propertyPath: m_LocalPosition.x
      value: 0
      objectReference: {fileID: 0}
    - target: {fileID: 4304238111731921191, guid: b079f9525856242f98605a2f4dda9690,
        type: 3}
      propertyPath: m_LocalPosition.y
      value: 0
      objectReference: {fileID: 0}
    - target: {fileID: 4304238111731921191, guid: b079f9525856242f98605a2f4dda9690,
        type: 3}
      propertyPath: m_LocalPosition.z
      value: 0
      objectReference: {fileID: 0}
    - target: {fileID: 4304238111731921191, guid: b079f9525856242f98605a2f4dda9690,
        type: 3}
      propertyPath: m_LocalRotation.x
      value: 0
      objectReference: {fileID: 0}
    - target: {fileID: 4304238111731921191, guid: b079f9525856242f98605a2f4dda9690,
        type: 3}
      propertyPath: m_LocalRotation.y
      value: 0
      objectReference: {fileID: 0}
    - target: {fileID: 4304238111731921191, guid: b079f9525856242f98605a2f4dda9690,
        type: 3}
      propertyPath: m_LocalRotation.z
      value: 0
      objectReference: {fileID: 0}
    - target: {fileID: 4304238111731921191, guid: b079f9525856242f98605a2f4dda9690,
        type: 3}
      propertyPath: m_LocalRotation.w
      value: 1
      objectReference: {fileID: 0}
    - target: {fileID: 4304238111731921191, guid: b079f9525856242f98605a2f4dda9690,
        type: 3}
      propertyPath: m_RootOrder
      value: 2
      objectReference: {fileID: 0}
    - target: {fileID: 4304238111731921191, guid: b079f9525856242f98605a2f4dda9690,
        type: 3}
      propertyPath: m_LocalEulerAnglesHint.x
      value: 0
      objectReference: {fileID: 0}
    - target: {fileID: 4304238111731921191, guid: b079f9525856242f98605a2f4dda9690,
        type: 3}
      propertyPath: m_LocalEulerAnglesHint.y
      value: 0
      objectReference: {fileID: 0}
    - target: {fileID: 4304238111731921191, guid: b079f9525856242f98605a2f4dda9690,
        type: 3}
      propertyPath: m_LocalEulerAnglesHint.z
      value: 0
      objectReference: {fileID: 0}
    - target: {fileID: 7154074672660744133, guid: b079f9525856242f98605a2f4dda9690,
        type: 3}
      propertyPath: m_Enabled
      value: 0
      objectReference: {fileID: 0}
    m_RemovedComponents: []
  m_SourcePrefab: {fileID: 100100000, guid: b079f9525856242f98605a2f4dda9690, type: 3}
--- !u!4 &2352799297380449737 stripped
Transform:
  m_CorrespondingSourceObject: {fileID: 4304238111731921191, guid: b079f9525856242f98605a2f4dda9690,
    type: 3}
  m_PrefabInstance: {fileID: 1953836282276531438}
  m_PrefabAsset: {fileID: 0}
--- !u!198 &3828280978091501863 stripped
ParticleSystem:
  m_CorrespondingSourceObject: {fileID: 3331998498342806985, guid: b079f9525856242f98605a2f4dda9690,
    type: 3}
  m_PrefabInstance: {fileID: 1953836282276531438}
  m_PrefabAsset: {fileID: 0}
--- !u!1 &3589985415931413316 stripped
GameObject:
  m_CorrespondingSourceObject: {fileID: 3084784360414515114, guid: b079f9525856242f98605a2f4dda9690,
    type: 3}
  m_PrefabInstance: {fileID: 1953836282276531438}
  m_PrefabAsset: {fileID: 0}
